@report{CiscoPressNovember2004,
  author      = "Szigeti, T. Hattingh, C.",
  institution = "Cisco",
  publisher   = "Cisco Press",
  date        = "2014-11",
  title       = "End-to-End {QoS} Network Design: Quality of Service in {LAN}s, {WAN}s, and {VPN}s",
  type        = "techreport",
}

@report{ITU-TRecommendation,
  date   = {2001-11},
  title  = {{ITU-T} Recommendation {G}.1010: End-user multimedia {QoS} categories},
  type   = {techreport},
  volume = {ITU-T Recommendation G.1010},
}
